
@InProceedings{ anton_malakhov-proc-scipy-2018,
  author    = { {A}nton {M}alakhov and {D}avid {L}iu and {A}nton {G}orshkov and {T}erry {W}ilmarth },
  title     = { {C}omposable {M}ulti-{T}hreading and {M}ulti-{P}rocessing for {N}umeric {L}ibraries },
  booktitle = { {P}roceedings of the 17th {P}ython in {S}cience {C}onference },
  pages     = { 15 - 21 },
  year      = { 2018 },
  editor    = { {F}atih {A}kici and {D}avid {L}ippa and {D}illon {N}iederhut and {M} {P}acer },
  doi       = {  }
}
